<collection xmlns="http://www.loc.gov/MARC21/slim">
<record>
  <leader>00674nam0a22001811i 450 </leader>
  <controlfield tag="001">IT\ICCU\CNCE\040684</controlfield>
  <controlfield tag="005">20071130000000.0</controlfield>
  <datafield tag="012" ind1=" " ind2=" ">
    <subfield code="a">i-s, u-js m-a, ertu (3) 1556 (Q)</subfield>
    <subfield code="2">fei</subfield>
  </datafield>
  <datafield tag="100" ind1=" " ind2=" ">
    <subfield code="a">19981119f1556        0itac0103    ba</subfield>
  </datafield>
  <datafield tag="101" ind1=" " ind2=" ">
    <subfield code="a">LAT</subfield>
  </datafield>
  <datafield tag="102" ind1=" " ind2=" ">
    <subfield code="a">IT</subfield>
  </datafield>
  <datafield tag="200" ind1="1" ind2=" ">
    <subfield code="a">Reformationes et decreta ciuitatis Vrbisueteri super mercedibus officialium, ac modo procedendi in quibuscumque causis</subfield>
  </datafield>
  <datafield tag="210" ind1=" " ind2=" ">
    <subfield code="d">\1556?!</subfield>
    <subfield code="e">\Roma</subfield>
    <subfield code="g">Antonio Blado!</subfield>
  </datafield>
  <datafield tag="215" ind1=" " ind2=" ">
    <subfield code="a">\24!, 303, \13! p.</subfield>
    <subfield code="d">fol</subfield>
  </datafield>
  <datafield tag="300" ind1=" " ind2=" ">
    <subfield code="a">Data dal breve di Paolo IV che precede il testo.ANNULLATA !!! E&apos; IL CNC 25434 !!!</subfield>
  </datafield>
  <datafield tag="710" ind1="0" ind2="2">
    <subfield code="a">Orvieto</subfield>
    <subfield code="3">7152</subfield>
  </datafield>
  <datafield tag="790" ind1=" " ind2="0">
    <subfield code="a">Urbsvetus</subfield>
    <subfield code="3">IT\ICCU\CNCA\022871</subfield>
    <subfield code="z">Orvieto</subfield>
  </datafield>
  <datafield tag="801" ind1=" " ind2="3">
    <subfield code="a">IT</subfield>
    <subfield code="b">ICCU</subfield>
    <subfield code="c">20201114</subfield>
  </datafield>
</record>
</collection>
